%%%%%%%%%%%%%%%%%%%%%%%%%%%%%%%%%%%%%%%%%%%%%%%%%%%%%%%%%%%%%%%%%%%%%%%%%%%
% BIBLIOGRAFÍA
@book{breiman1984classification,
  title={Classification and Regression Trees},
  author={Breiman, Leo and Friedman, Jerome and Olshen, Richard and Stone, Charles},
  year={1984},
  publisher={Wadsworth International Group}
}
@book{han2011data,
  title={Data Mining: Concepts and Techniques},
  author={Han, Jiawei and Kamber, Micheline and Pei, Jian},
  year={2011},
  publisher={Elsevier}
}

@misc{dgt,
  title={Dirección General de Tráfico (DGT)},
  url={http://www.dgt.es/}
}

@article{powers2020evaluation,
  title={Evaluation: From Precision, Recall and F-Measure to ROC, Informedness, Markedness and Correlation},
  author={Powers, David M W},
  journal={Journal of Machine Learning Technologies},
  volume={2},
  number={1},
  pages={37--63},
  year={2020}
}


@article{doi:10.1080/15389588.2012.726384,
author = {A. Tolón-Becerra, X. Lastra-Bravo and I. Flores-Parra},
title = {National and Regional Analysis of Road Accidents in Spain},
journal = {Traffic Injury Prevention},
volume = {14},
number = {5},
pages = {486--495},
year = {2013},
publisher = {Taylor \& Francis},
doi = {10.1080/15389588.2012.726384},

    note ={PMID: 23697896},


URL = { 
    
        https://doi.org/10.1080/15389588.2012.726384
    
    

},
eprint = { 
    
        https://doi.org/10.1080/15389588.2012.726384
    
    

}

}

@misc{accidentes,
  title = {Accidentes de tráfico de la Ciudad de Madrid - Portal de datos abiertos del Ayuntamiento de Madrid},
  url = {https://datos.madrid.es/portal/site/egob/menuitem.c05c1f754a33a9fbe4b2e4b284f1a5a0/?vgnextoid=7c2843010d9c3610VgnVCM2000001f4a900aRCRD&vgnextchannel=374512b9ace9f310VgnVCM100000171f5a0aRCRD&vgnextfmt=default},
  urldate = {2024-06-09},
  organization = {datos.madrid.es}
}

@article{monedero2021road,
  title={Road accidents in Spain: Are they persistent?},
  author={Duarte Monedero, B. and A. Gil-Alana, L. and Valbuena Martínez, M. C.},
  journal={IATSS Research},
  volume={45},
  number={3},
  pages={317--325},
  year={2021},
  publisher={Elsevier Ltd.},
  doi={https://doi.org/10.1016/j.iatssr.2021.01.002},
}



